@article{aminwollenberg2005, 
    author={S. Massoud Amin and B. F. Wollenberg},
    journal={IEEE Power and Energy Magazine},
    title={Toward a smart grid: power delivery for the 21st century},
    year={2005},
    volume={3},
    number={5},
    pages={34-41},
    doi={10.1109/MPAE.2005.1507024},
    ISSN={1540-7977},
    month={Sept}
}

@online{cpflenergia,
  author = {CPFL},
  title = {Smart Grid},
  year = 2017,
  url = {https://www.cpfl.com.br/energias-sustentaveis/sites-tematicos/smart-grid/Paginas/default.aspx},
  urldate = {2017-09-16}
}

@online{siemens,
  author = {Siemens},
  title = {Smart Grid},
  year = 2017,
  url = {http://www.siemens.com.br/desenvolvimento-sustentado-em-megacidades/smart-grid.html},
  urldate = {2017-09-16}
}

@online{sociedadedosol,
  author = {SociedadeDoSol},
  title = {Água: Captação, Uso e Reuso},
  year = 2017,
  url = {www.sociedadedosol.org.br/site/agua/introducao.html},
  urldate = {2017-09-16}
}

@online{ecycle,
  author = {eCycle},
  title = {Conheça Tudo Sobre Construção Sustentável},
  year = 2017,
  url = {http://www.ecycle.com.br/component/content/article/42-eco-design/2062-conheca-tudo-sobre-construcao-sustentavel.html},
  urldate = {2017-09-16}
}

@online{solarvolt,
  author = {SolarVolt},
  title = {Energia Solar Fotovoltaica: 4 Vantagens Residenciais},
  year = 2017,
  url = {http://www.solarvoltenergia.com.br/vantagens-energia-solar-fotovoltaica},
  urldate = {2017-09-16}
}
